<?xml version="1.0" encoding="UTF-8"?><collection xmlns="http://www.loc.gov/MARC21/slim"><record><leader>00360nam--2200133-i-4500</leader><controlfield tag="001">000037628</controlfield><controlfield tag="002">20161230</controlfield><controlfield tag="005">20161230201041</controlfield><controlfield tag="008">060222s1000------------r-----000-0-eng-d</controlfield><datafield ind1=" " ind2=" " tag="080"><subfield code="a">66.066</subfield></datafield><datafield ind1=" " ind2=" " tag="245"><subfield code="a">Progress in separation and purification</subfield></datafield><datafield ind1=" " ind2=" " tag="260"><subfield code="a">New York, Interscience Publishers, 1968. Ix + 392p</subfield></datafield><datafield ind1=" " ind2=" " tag="700"><subfield code="a">S.Perry And Van Oss,Care,J</subfield></datafield><datafield ind1=" " ind2=" " tag="852"><subfield code="a">32894</subfield></datafield></record></collection>